@article{rl_that_matters,
  author    = {Peter Henderson and
               Riashat Islam and
               Philip Bachman and
               Joelle Pineau and
               Doina Precup and
               David Meger},
  title     = {Deep Reinforcement Learning that Matters},
  journal   = {CoRR},
  volume    = {abs/1709.06560},
  year      = {2017},
  url       = {http://arxiv.org/abs/1709.06560},
  archivePrefix = {arXiv},
  eprint    = {1709.06560},
  timestamp = {Mon, 13 Aug 2018 16:45:58 +0200},
  biburl    = {https://dblp.org/rec/bib/journals/corr/abs-1709-06560},
  bibsource = {dblp computer science bibliography, https://dblp.org}
}

@inproceedings{Bengio:2009:CL:1553374.1553380,
 author = {Bengio, Yoshua and Louradour, J{\'e}r\^{o}me and Collobert, Ronan and Weston, Jason},
 title = {Curriculum Learning},
 booktitle = {Proceedings of the 26th Annual International Conference on Machine Learning},
 series = {ICML '09},
 year = {2009},
 isbn = {978-1-60558-516-1},
 location = {Montreal, Quebec, Canada},
 pages = {41--48},
 numpages = {8},
 url = {http://doi.acm.org/10.1145/1553374.1553380},
 doi = {10.1145/1553374.1553380},
 acmid = {1553380},
 publisher = {ACM},
 address = {New York, NY, USA},
} 


@book{rlbook,
  author    = {Richard S. Sutton and Andrew G. Barto}, 
  title     = {Reinforcement Learning: An Introduction},
  publisher = {MIT Press},
  year      = 2018,
  address   = {Cambridge, MA},
  edition   = 2,
}




% symmetric_rl
@article{Yu-SIGGRAPH-2018,
title={Learning Symmetric and Low-energy Locomotion},
author={Wenhao Yu and Greg Turk and C. Karen Liu},
journal = {ACM Transactions on Graphics (Proc. SIGGRAPH 2018 - to appear)},
volume = 37,
number = 4,
article = 144,
year={2018}
}

@article{ppo,
  author    = {John Schulman and
               Filip Wolski and
               Prafulla Dhariwal and
               Alec Radford and
               Oleg Klimov},
  title     = {Proximal Policy Optimization Algorithms},
  journal   = {CoRR},
  volume    = {abs/1707.06347},
  year      = {2017},
  url       = {http://arxiv.org/abs/1707.06347},
  archivePrefix = {arXiv},
  eprint    = {1707.06347},
  timestamp = {Mon, 13 Aug 2018 16:47:34 +0200},
  biburl    = {https://dblp.org/rec/bib/journals/corr/SchulmanWDRK17},
  bibsource = {dblp computer science bibliography, https://dblp.org}
}

@article{trpo,
  author    = {John Schulman and
               Sergey Levine and
               Philipp Moritz and
               Michael I. Jordan and
               Pieter Abbeel},
  title     = {Trust Region Policy Optimization},
  journal   = {CoRR},
  volume    = {abs/1502.05477},
  year      = {2015},
  url       = {http://arxiv.org/abs/1502.05477},
  archivePrefix = {arXiv},
  eprint    = {1502.05477},
  timestamp = {Mon, 13 Aug 2018 16:48:08 +0200},
  biburl    = {https://dblp.org/rec/bib/journals/corr/SchulmanLMJA15},
  bibsource = {dblp computer science bibliography, https://dblp.org}
}


@article{robinson1987use,
  title={Use of force platform variables to quantify the effects of chiropractic manipulation on gait symmetry.},
  author={Robinson, RO and Herzog, W and Nigg, BM},
  journal={Journal of manipulative and physiological therapeutics},
  volume={10},
  number={4},
  pages={172--176},
  year={1987}
}

@article{riskowski,
  title={Evaluating gait symmetry and leg dominance during walking in healthy older adults},
  author={Riskowski, Jody L and Hagedorn, Thomas J and Dufour, Alyssa B and Casey, Virginia A and Hannan, Marian T},
  journal={Institute of Aging Research, Hebrew SeniorLife, Boston, Usa, Harvad Medical School, USA, School of Public Health, Boston University, Boston},
  year={2011}
}

@article{symmetry_measures,
author = {Viteckova, Slavka and Kutilek, Patrik and Svoboda, Zdenek and Krupicka, Radim and Kauler, Jan and Szabo, Zoltan},
doi = {https://doi.org/10.1016/j.bspc.2018.01.013},
issn = {1746-8094},
journal = {Biomedical Signal Processing and Control},
keywords = { Gait analysis, Symmetry assessment, Symmetry index, Symmetry measure,Gait symmetry},
pages = {89--100},
title = {{Gait symmetry measures: A review of current and prospective methods}},
url = {http://www.sciencedirect.com/science/article/pii/S1746809418300193},
volume = {42},
year = {2018}
}


@article{ray_interf,
  author    = {Tom Schaul and
               Diana Borsa and
               Joseph Modayil and
               Razvan Pascanu},
  title     = {Ray Interference: a Source of Plateaus in Deep Reinforcement Learning},
  journal   = {CoRR},
  volume    = {abs/1904.11455},
  year      = {2019},
  url       = {http://arxiv.org/abs/1904.11455},
  archivePrefix = {arXiv},
  eprint    = {1904.11455},
  timestamp = {Thu, 02 May 2019 15:13:44 +0200},
  biburl    = {https://dblp.org/rec/bib/journals/corr/abs-1904-11455},
  bibsource = {dblp computer science bibliography, https://dblp.org}
}

@article{2018-TOG-deepMimic,
  title={DeepMimic: Example-Guided Deep Reinforcement Learning of Physics-Based Character Skills},
  author={Xue Bin Peng and Pieter Abbeel and Sergey Levine and Michiel van de Panne},
  journal = {ACM Transactions on Graphics (Proc. SIGGRAPH 2018)},
  volume = 37,
  number = 4,
  year={2018}
}

@article{2017-TOG-deepLoco,
  title={DeepLoco: Dynamic Locomotion Skills Using Hierarchical Deep Reinforcement Learning},
  author={Xue Bin Peng and Glen Berseth and KangKang Yin and Michiel van de Panne},
  journal = {ACM Transactions on Graphics (Proc. SIGGRAPH 2017)},
  volume = 36,
  number = 4,
  article = 41,
  year={2017}
}

@article{SADEGHI200034,
abstract = {},
author = {Sadeghi, Heydar and Allard, Paul and Prince, Fran{\c{c}}ois and Labelle, Hubert},
doi = {https://doi.org/10.1016/S0966-6362(00)00070-9},
issn = {0966-6362},
journal = {Gait {\&} Posture},
keywords = { Laterality indices, Limb dominance, Symmetry,Gait asymmetry},
number = {1},
pages = {34--45},
title = {{Symmetry and limb dominance in able-bodied gait: a review}},
url = {http://www.sciencedirect.com/science/article/pii/S0966636200000709},
volume = {12},
year = {2000}
}

@book{locomotion_mcmahon,
  author    = {Thomas A. McMahon}, 
  title     = {Muscles, Reflexes, and Locomotion},
  publisher = {Princeton University Press},
  year      = 1984,
  address   = {Princeton, New Jersey},
  edition   = 1,
  isbn      = {069102376X}
}


@article{HoldenPFNN,
 author = {Holden, Daniel and Komura, Taku and Saito, Jun},
 title = {Phase-functioned Neural Networks for Character Control},
 journal = {ACM Trans. Graph.},
 issue_date = {July 2017},
 volume = {36},
 number = {4},
 month = jul,
 year = {2017},
 issn = {0730-0301},
 pages = {42:1--42:13},
 articleno = {42},
 numpages = {13},
 url = {http://doi.acm.org/10.1145/3072959.3073663},
 doi = {10.1145/3072959.3073663},
 acmid = {3073663},
 publisher = {ACM},
 address = {New York, NY, USA},
 keywords = {character animation, character control, deep learning, human motion, locomotion, neural networks},
}


@misc{ref:Pybullet,
 author = {Erwin Coumans and Yunfei Bai},
 title = {PyBullet, a Python module for physics simulation for games, robotics and machine learning},
 howpublished = {\url{http://pybullet.org}},
 year = {2016--2019}
}


@misc{ref:OpenAI-Gym,
  Author = {Greg Brockman and Vicki Cheung and Ludwig Pettersson and Jonas Schneider and John Schulman and Jie Tang and Wojciech Zaremba},
  Title = {OpenAI Gym},
  Year = {2016},
  Eprint = {arXiv:1606.01540},
}

@article{ref:deepmindParkour,
  author    = {Nicolas Heess and
               Dhruva TB and
               Srinivasan Sriram and
               Jay Lemmon and
               Josh Merel and
               Greg Wayne and
               Yuval Tassa and
               Tom Erez and
               Ziyu Wang and
               S. M. Ali Eslami and
               Martin A. Riedmiller and
               David Silver},
  title     = {Emergence of Locomotion Behaviours in Rich Environments},
  journal   = {CoRR},
  volume    = {abs/1707.02286},
  year      = {2017},
  url       = {http://arxiv.org/abs/1707.02286},
  archivePrefix = {arXiv},
  eprint    = {1707.02286},
  timestamp = {Mon, 13 Aug 2018 16:47:47 +0200},
  biburl    = {https://dblp.org/rec/bib/journals/corr/HeessTSLMWTEWER17},
  bibsource = {dblp computer science bibliography, https://dblp.org}
}

@inproceedings{ref:policy_gradient,
 author = {Sutton, Richard S. and McAllester, David and Singh, Satinder and Mansour, Yishay},
 title = {Policy Gradient Methods for Reinforcement Learning with Function Approximation},
 booktitle = {Proceedings of the 12th International Conference on Neural Information Processing Systems},
 series = {NIPS'99},
 year = {1999},
 location = {Denver, CO},
 pages = {1057--1063},
 numpages = {7},
 url = {http://dl.acm.org/citation.cfm?id=3009657.3009806},
 acmid = {3009806},
 publisher = {MIT Press},
 address = {Cambridge, MA, USA},
} 

@article{ref:ppo,
  author    = {John Schulman and
               Filip Wolski and
               Prafulla Dhariwal and
               Alec Radford and
               Oleg Klimov},
  title     = {Proximal Policy Optimization Algorithms},
  journal   = {CoRR},
  volume    = {abs/1707.06347},
  year      = {2017},
  url       = {http://arxiv.org/abs/1707.06347},
  archivePrefix = {arXiv},
  eprint    = {1707.06347},
  timestamp = {Mon, 13 Aug 2018 16:47:34 +0200},
  biburl    = {https://dblp.org/rec/bib/journals/corr/SchulmanWDRK17},
  bibsource = {dblp computer science bibliography, https://dblp.org}
}

@INPROCEEDINGS{ref:Mujoco,
author={E. {Todorov} and T. {Erez} and Y. {Tassa}},
booktitle={2012 IEEE/RSJ International Conference on Intelligent Robots and Systems},
title={MuJoCo: A physics engine for model-based control},
year={2012},
volume={},
number={},
pages={5026-5033},
keywords={application program interfaces;C++ language;control engineering computing;data structures;finite difference methods;humanoid robots;optimal control;program compilers;shock absorbers;XML;MuJoCo;physics engine;model-based control;multijoint dynamics;recursive algorithms;velocity-stepping approach;spring-dampers;high-level C++ API;intuitive XML file format;built-in compiler transforms;optimized data structure;runtime computation;tendon wrapping;actuator activation states;optimal control applications;finite differencing;12-core machine;3D humanoid;active contacts;Engines;Optimization;Computational modeling;Heuristic algorithms;Dynamics;Mathematical model},
doi={10.1109/IROS.2012.6386109},
ISSN={2153-0866},
month={Oct},}


@article{symmetry_phase_portrait,
  title={A Review of New Analytic Techniques for Quantifying Symmetry in Locomotion},
  author={Elizabeth T. Hsiao-Wecksler and John D. Polk and Karl S. Rosengren and Jacob J. Sosnoff and Sungjin Hong},
  journal={Symmetry},
  year={2010},
  volume={2},
  pages={1135-1155}
}


@inproceedings{majkowska2007flipping,
  title={Flipping with physics: motion editing for acrobatics},
  author={Majkowska, Anna and Faloutsos, Petros},
  booktitle={Proceedings of the 2007 ACM SIGGRAPH/Eurographics symposium on Computer animation},
  pages={35--44},
  year={2007},
  organization={Eurographics Association}
}

@article{danceSymmetry,
  title={Dance reveals symmetry especially in young men},
  author={Brown, William M and Cronk, Lee and Grochow, Keith and Jacobson, Amy and Liu, C Karen and Popovi{\'c}, Zoran and Trivers, Robert},
  journal={Nature},
  volume={438},
  number={7071},
  pages={1148},
  year={2005},
  publisher={Nature Publishing Group}
}

@article{2013-TOG-MuscleBasedBipeds,
  title={Flexible Muscle-Based Locomotion for Bipedal Creatures},
  author={Thomas Geijtenbeek and Michiel van de Panne and A. Frank van der Stappen},
  journal={ACM Transactions on Graphics},
  year={2013},
  volume = {32},
  number = {6},
  publisher={ACM SIGGRAPH}
}

@inproceedings{STAR2012,
  title={Interactive Character Animation Using Simulated Physics: A State-of-the-Art Review},
  author={Geijtenbeek, Thomas and Pronost, Nicolas},
  booktitle={Computer Graphics Forum},
  volume={31},
  number={8},
  pages={2492--2515},
  year={2012},
  organization={Wiley Online Library}
}                  

@inproceedings{Hansen06,
 author = {Nikolaus Hansen},
 title = {The CMA Evolution Strategy: A Comparing Review},
 booktitle = {Towards a New Evolutionary Computation},
 pages = {75--102},
 year = 2006,
}

@ARTICLE{Yin07,
    author = {KangKang Yin and Kevin Loken and Michiel van de Panne},
    title = {SIMBICON: Simple Biped Locomotion Control},
    journal = {ACM Transctions on Graphics},
    year = {2007},
    volume = {26},
    number = {3},
    pages = {Article 105},
}

@ARTICLE{Coros10,
    author = {Stelian Coros and Philippe Beaudoin and Michiel van de Panne},
    title = {Generalized Biped Walking Control},
    journal = {ACM Transctions on Graphics},
    year = {2010},
    volume = {29},
    number = {4},
    pages = {Article 130},
}
@ARTICLE{LeeYS10,
    author = {Yoonsang Lee and Sungeun Kim and Jehee Lee},
    title = {Data-Driven Biped Control},
    journal = {ACM Transctions on Graphics},
    year = {2010},
    volume = {29},
    number = {4},
    pages = {Article 129},
}
@inproceedings{Hodgins95,
  author = "J. K. Hodgins and W. L. Wooten and D. C. Brogan and J. F. O'Brien",
  title = "Animating Human Athletics",
  booktitle = "Proceedings of SIGGRAPH 1995",
  pages = "71--78",
  year = 1995,
}
@ARTICLE{Wang09,
    author = {Jack M. Wang and David J. Fleet and Aaron Hertzmann},
    title = {Optimizing Walking Controllers},
    journal = {ACM Transctions on Graphics},
    year = {2009},
    volume = {28},
    number = {5},
    pages = {Article 168},
}
@ARTICLE{Coros11,
    author = {Stelian Coros and Andrej Karpathy and Ben Jones and Lionel Reveret and Michiel van de Panne},
    title = {Locomotion Skills for Simulated Quadrupeds},
    journal = {ACM Transactions on Graphics},
    year = {2011},
    volume = {30},
    number = {4},
    pages = {Article 59},
}
@inproceedings{bruderlin,
  title={Goal-directed, dynamic animation of human walking},
  author={Bruderlin, Armin and Calvert, Thomas W},
  booktitle={ACM SIGGRAPH Computer Graphics},
  volume={23},
  number={3},
  pages={233--242},
  year={1989},
  organization={ACM}
}
@article{seelet,
  title={A test of the functional asymmetry hypothesis in walking},
  author={Seeley, Matthew K and Umberger, Brian R and Shapiro, Robert},
  journal={Gait \& posture},
  volume={28},
  number={1},
  pages={24--28},
  year={2008},
  publisher={Elsevier}
}

@article{cassie-sim-to-real,
  author    = {Zhaoming Xie and
               Patrick Clary and
               Jeremy Dao and
               Pedro Morais and
               Jonathan W. Hurst and
               Michiel van de Panne},
  title     = {Iterative Reinforcement Learning Based Design of Dynamic Locomotion
               Skills for Cassie},
  journal   = {CoRR},
  volume    = {abs/1903.09537},
  year      = {2019},
  url       = {http://arxiv.org/abs/1903.09537},
  archivePrefix = {arXiv},
  eprint    = {1903.09537},
  timestamp = {Mon, 01 Apr 2019 14:07:37 +0200},
  biburl    = {https://dblp.org/rec/bib/journals/corr/abs-1903-09537},
  bibsource = {dblp computer science bibliography, https://dblp.org}
}
% end of symmetric_rl